%% This BibTeX bibliography file was created using BibDesk.
%% https://bibdesk.sourceforge.io/

%% Created for Eric Lewis at 2020-04-11 13:35:07 -0500 


%% Saved with string encoding Unicode (UTF-8) 



@article{bib:kleven,
	Author = {Henrik Jacobsen Kleven},
	Journal = {Annual Review of Economics},
	Optmonth = {month},
	Pages = {435-464},
	Title = {Bunching},
	Volume = {8},
	Year = {2016}}

@unpublished{bib:agerton,
	Author = {Mark Agerton},
	Note = {working paper},
	Optannote = {annote},
	Optkey = {key},
	Optmonth = {month},
	Title = {Learning Where to Drill: Drilling Decisions and Geological Quality in the Haynesville Shale},
	Year = {2020}}

@article{bib:askeretal,
	Author = {John Asker and Allan Collard-Wexler and Jan De Loecker},
	Journal = {American Economic Review},
	Number = {4},
	Optannote = {annote},
	Optkey = {key},
	Optmonth = {month},
	Optnote = {note},
	Pages = {1568-1615},
	Title = {(Mis)Allocation, Market Power, and Global Oil Extraction},
	Volume = {109},
	Year = {2019}}

@article{bib:berman,
	Author = {Art Berman},
	Journal = {Forbes},
	Month = {22 Nov.},
	Optannote = {annote},
	Optkey = {key},
	Optnote = {note},
	Optnumber = {number},
	Optpages = {pages},
	Optvolume = {volume},
	Title = {Haynesville Shale Needs \$6.50 Gas To Break Even: The Business Model Is Broken},
	Year = {2015}}

@article{bib:aks2018,
	Author = {Soren T. Anderson and Ryan Kellogg and Stephen W. Salant},
	Journal = {Journal of Political Economy},
	Month = {June},
	Pages = {984-1026},
	Title = {Hotelling Under Pressure},
	Volume = {126},
	Year = {2018}}

@article{bib:board,
	Author = {Simon Board},
	Journal = {Journal of Economic Theory},
	Optannote = {annote},
	Optkey = {key},
	Optmonth = {month},
	Optnote = {note},
	Optnumber = {number},
	Pages = {324-340},
	Title = {Selling Options},
	Volume = {136},
	Year = {2007}}

@article{bib:bogan,
	Author = {Jesse Bogan},
	Journal = {Forbes},
	Month = {5 Jun.},
	Optannote = {annote},
	Optkey = {key},
	Optnote = {note},
	Optnumber = {number},
	Optpages = {pages},
	Optvolume = {volume},
	Title = {Boom Times at the Haynesville Shale},
	Year = {2009}}

@unpublished{bib:bhattacharya,
	Author = {Vivek Bhattacharya and Andrey Ordin and James W. Roberts},
	Note = {working paper},
	Optannote = {annote},
	Optkey = {key},
	Optmonth = {month},
	Title = {Bidding and Drilling Under Uncertainty: An Empirical Analysis of Contingent Payment Auctions},
	Year = {2018}}

@article{bib:brown,
	Author = {Jason Brown and Timothy Fitzgerald and Jeremy G. Weber},
	Journal = {Resource and Energy Economics},
	Optannote = {annote},
	Optkey = {key},
	Optmonth = {month},
	Optnote = {note},
	Optnumber = {number},
	Pages = {23-38},
	Title = {Capturing Rents from Natural Resource Abundance: Private Royalties from U.S. Onshore Oil \& Gas Production},
	Volume = {46},
	Year = {2016}}

@book{bib:camerontrivedi,
	Author = {A. Colin Cameron and Pravin K. Trivedi},
	Optafterword = {afterword},
	Optannotator = {annotator},
	Optcommentator = {commentator},
	Optedition = {edition},
	Opteditor = {editor},
	Opteditora = {editora},
	Opteditorb = {editorb},
	Opteditorc = {editorc},
	Optforeword = {foreword},
	Optintroduction = {introduction},
	Optlanguage = {language},
	Optmainsubtitle = {mainsubtitle},
	Optmaintitle = {maintitle},
	Optmaintitleaddon = {maintitleaddon},
	Optnote = {note},
	Optnumber = {number},
	Optoriglanguage = {origlanguage},
	Optpart = {part},
	Optseries = {series},
	Optsubtitle = {subtitle},
	Opttitleaddon = {titleaddon},
	Opttranslator = {translator},
	Optvolume = {volume},
	Optvolumes = {volumes},
	Publisher = {Cambridge University Press},
	Title = {Microeconometrics: Methods and Applications},
	Year = {2005}}

@article{bib:chetty,
	Author = {Raj Chetty and John N. Friedman and Tore Olsen and Luigi Pistaferri},
	Journal = {Quarterly Journal of Economics},
	Optannote = {annote},
	Optkey = {key},
	Optmonth = {month},
	Optnote = {note},
	Optnumber = {number},
	Pages = {749-804},
	Title = {Adjustment Costs, Firm Responses, and Micro vs. Macro Labor Supply Elasticities: Evidence from Danish Tax Records},
	Volume = {126},
	Year = {2011}}

@article{bib:cong,
	Author = {Lin William Cong},
	Journal = {Management Science},
	Optannote = {annote},
	Optkey = {key},
	Optmonth = {month},
	Title = {Timing of Auctions of Real Options},
	Year = {forthcoming}}

@unpublished{bib:covert,
	Author = {Thomas R. Covert},
	Note = {working paper},
	Optannote = {annote},
	Optkey = {key},
	Optmonth = {month},
	Title = {Experiential and Social Learning in Firms: the Case of Hydraulic Fracturing in the Bakken Shale},
	Year = {2015}}

@unpublished{bib:covertsweeney,
	Author = {Thomas R. Covert and Richard L. Sweeney},
	Note = {working paper},
	Optannote = {annote},
	Optkey = {key},
	Optmonth = {month},
	Title = {Relinquishing Riches: Auctions vs Informal Negotiations in Texas Oil and Gas Leasing},
	Year = {2019}}

@article{bib:cramton,
	Author = {Peter Cramton},
	Date-Modified = {2020-04-10 17:24:49 -0500},
	Journal = {Journal of Economics and Management Strategy},
	Pages = {431-495},
	Title = {The FCC Spectrum Auctions: An Early Assessment},
	Volume = {6},
	Year = {1997}}

@unpublished{bib:fetter_etal,
	Author = {T. Robert Fetter and Andrew L. Steck and Christopher Timmins and Douglas Wrenn},
	Note = {NBER working paper No. 25401},
	Optannote = {annote},
	Optkey = {key},
	Optmonth = {month},
	Title = {Learning by Viewing? Social Learning, Regulatory Disclosure, and Firm Productivity in Shale Gas},
	Year = {2018}}

@article{bib:demarzo,
	Author = {Peter M. DeMarzo and Ilan Kremer and Andrzej Skrzypacz},
	Journal = {American Economic Review},
	Month = {Sept.},
	Number = {4},
	Optannote = {annote},
	Optkey = {key},
	Optnote = {note},
	Pages = {936-959},
	Title = {Bidding with Securities: Auctions and Security Design},
	Volume = {95},
	Year = {2005}}

@unpublished{bib:durrett,
	Author = {Brandon Durrett},
	Note = {paper presented at the 43rd Annual Ernest E. Smith Oil, Gas, \& Mineral Law Institute},
	Optannote = {annote},
	Optkey = {key},
	Optmonth = {month},
	Title = {Fun New Ways for Density and Proration Rules to Bust Your Lease: Retained Acreage Clauses and ``Governmental Authority'' Language in the Wake of Three Recent Texas Cases},
	Year = {2017}}

@unpublished{bib:GAO,
	Author = {GAO},
	Note = {GAO-14-236},
	Title = {Spectrum Management: FCC's Use and Enforcement of Buildout Requirements},
	Year = {2014}}
	
@article{bib:gilje,
	Author = {Erik P. Gilje and Elena Loutskina and Daniel Murphy},
	Journal = {Journal of Finance},
	Month = {},
	Number = {},
	Optannote = {annote},
	Optkey = {key},
	Optnote = {note},
	Pages = {},
	Title = {Drilling and Debt},
	Volume = {},
	Year = {forthcoming}}

@article{bib:gulen,
	Author = {G\"{u}rcan G\"{u}len and Svetlana Ikonnikova and John Browning and Katie Smye and Scott W. Tinker},
	Journal = {SPE Economics \& Management},
	Number = {5},
	Optannote = {annote},
	Optkey = {key},
	Optmonth = {month},
	Optnote = {note},
	Optpages = {pages},
	Title = {Production Scenarios for the Haynesville Shale Play},
	Volume = {7},
	Year = {2015}}

@article{bib:haile,
	Author = {Philip Haile and Kenneth Hendricks and Robert Porter},
	Journal = {International Journal of Industrial Organization},
	Optannote = {annote},
	Optkey = {key},
	Optmonth = {month},
	Optnote = {note},
	Optnumber = {number},
	Pages = {390-396},
	Title = {Recent U.S. Offshore Oil and Gas Lease Bidding: A Progress Report},
	Volume = {28},
	Year = {2010}}

@article{bib:hendrickskovenock,
	Author = {Kenneth Hendricks and Dan Kovenock},
	Journal = {RAND Journal of Economics},
	Month = {Summer},
	Number = {2},
	Optannote = {annote},
	Optkey = {key},
	Optnote = {note},
	Pages = {164-182},
	Title = {Asymmetric Information, Information Externalities, and Efficiency: the Case of Oil Exploration},
	Volume = {20},
	Year = {1989}}

@article{bib:hendricksporter,
	Author = {Kenneth Hendricks and Robert H. Porter},
	Journal = {American Economic Review},
	Month = {Jun.},
	Number = {3},
	Optannote = {annote},
	Optkey = {key},
	Optnote = {note},
	Pages = {388-407},
	Title = {The Timing and Incidence of Exploratory Drilling on Offshore Wildcat Tracts},
	Volume = {86},
	Year = {1996}}

@article{bib:hendricksporterguofo,
	Author = {Kenneth Hendricks and Robert H. Porter and Guofo Tan},
	Journal = {American Economic Review Papers and Proceedings},
	Month = {May},
	Number = {2},
	Optannote = {annote},
	Optkey = {key},
	Optnote = {note},
	Pages = {234-239},
	Title = {Optimal Selling Strategies for Oil and Gas Leases with an Informed Buyer},
	Volume = {83},
	Year = {1993}}

@unpublished{bib:hodgson,
	Author = {Charles Hodgson},
	Note = {working paper},
	Optannote = {annote},
	Optkey = {key},
	Optmonth = {month},
	Title = {Information Externalities, Free Riding, and Optimal Exploration in the UK Oil Industry},
	Year = {2018}}

@article{bib:kaiser,
	Author = {Mark J. Kaiser},
	Journal = {Energy},
	Number = {1},
	Optannote = {annote},
	Optkey = {key},
	Optmonth = {month},
	Optnote = {note},
	Pages = {315-330},
	Title = {Profitability Assessment of Haynesville Shale Gas Wells},
	Volume = {38},
	Year = {2012}}

@article{bib:kaiseryu,
	Author = {Mark J. Kaiser and Yunke Yu},
	Journal = {Natural Resources Research},
	Number = {4},
	Optannote = {annote},
	Optkey = {key},
	Optmonth = {month},
	Optnote = {note},
	Pages = {217-229},
	Title = {Haynesville Shale Gas Well Performance and Development Potential},
	Volume = {20},
	Year = {2011}}

@article{bib:kalnins,
	Author = {Arturs Kalnins},
	Journal = {Journal of Economics and Management Strategy},
	Month = {Winter},
	Number = {4},
	Optannote = {annote},
	Optkey = {key},
	Optnote = {note},
	Pages = {933-953},
	Title = {Overestimation and Venture Survival: an Empirical Analysis of Development Commitments in International Master Franchising Ventures},
	Volume = {14},
	Year = {2005}}

@article{bib:kaplow,
	Author = {Louis Kaplow and Steven Shavell},
	Journal = {American Law and Economics Review},
	Number = {1},
	Optannote = {annote},
	Optkey = {key},
	Optmonth = {month},
	Optnote = {note},
	Pages = {1698-1734},
	Title = {On the Superiority of Corrective Taxes to Quantity Regulation},
	Volume = {4},
	Year = {2002}}

@article{bib:kellogg,
	Author = {Ryan Kellogg},
	Journal = {American Economic Review},
	Month = {Jun.},
	Number = {6},
	Optannote = {annote},
	Optkey = {key},
	Optnote = {note},
	Pages = {1698-1734},
	Title = {The Effect of Uncertainty on Investment: Evidence from Texas Oil Drilling},
	Volume = {104},
	Year = {2014}}

@article{bib:laffonttirole1986,
	Author = {Jean-Jacques Laffont and Jean Tirole},
	Journal = {Journal of Political Economy},
	Month = {Jun.},
	Number = {3},
	Optannote = {annote},
	Optkey = {key},
	Optnote = {note},
	Pages = {614-641},
	Title = {Using Cost Observation to Regulate Firms},
	Volume = {94},
	Year = {1986}}

@article{bib:laffonttirole1987,
	Author = {Jean-Jacques Laffont and Jean Tirole},
	Journal = {Journal of Political Economy},
	Month = {Oct.},
	Number = {5},
	Optannote = {annote},
	Optkey = {key},
	Optnote = {note},
	Pages = {921-937},
	Title = {Auctioning Incentive Contracts},
	Volume = {95},
	Year = {1987}}

@article{bib:lin,
	Author = {Cynthia C.-Y. Lin},
	Journal = {Review of Economics and Statistics},
	Month = {Dec.},
	Number = {5},
	Optannote = {annote},
	Optkey = {key},
	Optnote = {note},
	Pages = {1601-1621},
	Title = {Strategic Decision-Making with Information and Extraction Externalities: a Structural Model of the Multistage Investment Timing Game in Offshore Petroleum Production},
	Volume = {95},
	Year = {2013}}

@book{bib:litwak,
	Author = {Mark Litwak},
	Publisher = {Silman-James Press},
	Title = {Contracts for the Film \& Television Industry, 3rd Edition},
	Year = {2012}}

@article{bib:male,
	Author = {Frank Male and Akand W. Islam and Tad W. Patzek and Svetlana Ikonnikova and John Browning and Michael P. Marder},
	Journal = {Journal of Unconventional Oil and Gas Resources},
	Optannote = {annote},
	Optkey = {key},
	Optmonth = {month},
	Optnote = {note},
	Optnumber = {number},
	Pages = {11-17},
	Title = {Analysis of Gas Production from Hydraulically Fractured Wells in the Haynesville Shale Using Scaling Methods},
	Volume = {10},
	Year = {2015}}

@article{bib:mcafee,
	Author = {R. Preston McAfee and John McMillan},
	Journal = {RAND Journal of Economics},
	Number = {2},
	Optannote = {annote},
	Optkey = {key},
	Optmonth = {month},
	Optnote = {note},
	Pages = {296-307},
	Title = {Competition for Agency Contracts},
	Volume = {18},
	Year = {1987}}

@incollection{bib:metcalf,
	Author = {Gilbert E. Metcalf},
	Booktitle = {Tax Policy and the Economy, Volume 24},
	Editor = {Jeffrey R. Brown},
	Publisher = {University of Chicago Press},
	Title = {Investment in Energy Infrastructure and the Tax Code},
	Year = {2010}}

@article{bib:milgromsegal,
	Author = {Paul R. Milgrom and Ilya Segal},
	Journal = {Econometrica},
	Month = {Mar.},
	Number = {2},
	Optannote = {annote},
	Optkey = {key},
	Optnote = {note},
	Pages = {583-601},
	Title = {Envelope Theorems for Arbitrary Choice Sets},
	Volume = {70},
	Year = {2002}}

@article{bib:milgromweber,
	Author = {Paul R. Milgrom and Robert J. Weber},
	Journal = {Econometrica},
	Month = {Sep.},
	Number = {5},
	Optannote = {annote},
	Optkey = {key},
	Optnote = {note},
	Pages = {1089-1122},
	Title = {A Theory of Auctions and Competitive Bidding},
	Volume = {50},
	Year = {1982}}

@article{bib:newell,
	Author = {Richard G. Newell and Brian C. Prest and Ashley Vissing},
	Journal = {Journal of the Association of Environmental and Resource Economists},
	Optannote = {annote},
	Optkey = {key},
	Optmonth = {month},
	Pages = {177-217},
	Title = {Trophy Hunting vs. Manufacturing Energy: The Price-Responsiveness of Shale Gas},
	Volume = {6},
	Year = {2019}}

@unpublished{bib:ordin,
	Author = {Andrey Ordin},
	Note = {working paper},
	Optannote = {annote},
	Optkey = {key},
	Optmonth = {month},
	Title = {Investment and Taxation: the Case of Oil and Gas in the Permian Basin},
	Year = {2019}}

@article{bib:patzek,
	Author = {Tad W. Patzek and Frank Male and Michael Marder},
	Journal = {PNAS},
	Month = {Dec.},
	Number = {49},
	Optannote = {annote},
	Optkey = {key},
	Optnote = {note},
	Pages = {19731-19736},
	Title = {Gas Production in the Barnett Shale Obeys a Simple Scaling Theory},
	Volume = {110},
	Year = {2013}}

@unpublished{bib:pennst,
	Author = {Melissa M. Ward and Timothy W. Kelsey},
	Note = {Marcellus Education Fact Sheet, PennState Extension},
	Optannote = {annote},
	Optkey = {key},
	Optmonth = {month},
	Title = {Natural Gas Lessors' Experiences in Bradford and Tioga Counties, 2010},
	Year = {2011}}

@article{bib:porter,
	Author = {Robert H. Porter},
	Journal = {Econometrica},
	Month = {Jan.},
	Number = {1},
	Optannote = {annote},
	Optkey = {key},
	Optnote = {note},
	Pages = {1-27},
	Title = {The Role of Information in U.S. Offshore Oil and Gas Lease Auctions},
	Volume = {63},
	Year = {1995}}

@article{bib:robinson,
	Author = {Peter M. Robinson},
	Journal = {Econometrica},
	Month = {Jul.},
	Number = {4},
	Optannote = {annote},
	Optkey = {key},
	Optnote = {note},
	Pages = {931--954},
	Title = {Root-n-consistent Semiparametric Regression},
	Volume = {56},
	Year = {1988}}

@article{bib:riley,
	Author = {John G. Riley},
	Journal = {Review of Economic Studies},
	Month = {Jul.},
	Number = {3},
	Optannote = {annote},
	Optkey = {key},
	Optnote = {note},
	Pages = {409-429},
	Title = {Ex Post Information in Auctions},
	Volume = {55},
	Year = {1988}}

@article{bib:hiller,
	Author = {Jennifer Hiller},
	Journal = {San Antonio Express-News},
	Month = {25 Nov.},
	Optannote = {annote},
	Optkey = {key},
	Optnote = {note},
	Optnumber = {number},
	Optpages = {pages},
	Title = {Eagle Ford Lease Deadlines Driving Drilling},
	Year = {2012}}

@article{bib:skrzypacz,
	Author = {Andrzej Skrzypacz},
	Journal = {International Journal of Industrial Organization},
	Optannote = {annote},
	Optkey = {key},
	Optmonth = {month},
	Optnote = {note},
	Optnumber = {number},
	Pages = {666-675},
	Title = {Auctions with Contingent Payments---an Overview},
	Volume = {31},
	Year = {2013}}

@article{bib:smith,
	Author = {Justin C. Smith},
	Journal = {Ohio State Law Journal},
	Optannote = {annote},
	Optkey = {key},
	Optmonth = {month},
	Optnote = {note},
	Optnumber = {number},
	Pages = {370-403},
	Title = {Oil and Gas Leases},
	Volume = {26},
	Year = {1965}}
	
@unpublished{bib:steck,
	Author = {Andrew L. Steck},
	Note = {working paper},
	Optannote = {annote},
	Optkey = {key},
	Optmonth = {month},
	Title = {Industry Dynamics with Social Learning: Evidence from Hydraulic Fracturing},
	Year = {2018}}

@article{bib:weitzman,
	Author = {Martin L. Weitzman},
	Journal = {Review of Economic Studies},
	Number = {4},
	Optannote = {annote},
	Optkey = {key},
	Optmonth = {month},
	Optnote = {note},
	Pages = {477-491},
	Title = {Prices vs. Quantities},
	Volume = {41},
	Year = {1974}}
